\begin{filecontents}
@article{ref01,
	title={How I created the theory of relativity},
	author={Einstein, Albert},
	journal={Physics today},
	volume={35},
	number={8},
	pages={45--47},
	year={1982}
}

@book{ref02,
	title={Hawking on the big bang and black holes},
	author={Hawking, Stephen W},
	volume={8},
	year={1993},
	publisher={World Scientific}
}

@misc{openstackWebsite,
	title = {Open source cloud computing infrastructure},
	howpublished = {\url{https://www.openstack.org/}},
	month = {},
	year = {2022},
	note = {(Accessed on 05/27/2022)}
}

@misc{iacDefinitionIBM,
	title = {Infrastructure as Code},
	howpublished = {\url{https://www.ibm.com/cloud/learn/infrastructure-as-code}},
	month = {},
	year = {2022},
	note = {(Accessed on 05/27/2022)}
}

@misc{terraformWebsite,
	title = {Terraform - Automate Infrastructure on Any Cloud},
	howpublished = {\url{https://www.terraform.io/}},
	month = {},
	year = {2022},
	note = {(Accessed on 05/27/2022)}
}

@misc{ansibleWebsite,
	title = {Red Hat Ansible Automation Platform},
	howpublished = {\url{https://www.ansible.com/}},
	month = {},
	year = {2022},
	note = {(Accessed on 05/27/2022)}
}

@misc{hclWebsite,
	title = {Terraform Language Documentation},
	howpublished = {\url{https://www.terraform.io/language}},
	month = {},
	year = {2022},
	note = {(Accessed on 05/27/2022)}
}

@misc{ansibleInventoryWebsite,
	title = {How to build your inventory},
	howpublished = {\url{https://docs.ansible.com/ansible/latest/user_guide/intro_inventory.html}},
	month = {},
	year = {2022},
	note = {(Accessed on 05/27/2022)}
}

@misc{ansiblePlaybooksWebsite,
	title = {Intro to playbooks},
	howpublished = {\url{https://docs.ansible.com/ansible/latest/user_guide/playbooks_intro.html}},
	month = {},
	year = {2022},
	note = {(Accessed on 05/27/2022)}
}



\end{filecontents}